@article{DBLP:journals/corr/HofferA14,
  author    = {Elad Hoffer and
               Nir Ailon},
  title     = {Deep metric learning using Triplet network},
  journal   = {CoRR},
  volume    = {abs/1412.6622},
  year      = {2014},
  url       = {http://arxiv.org/abs/1412.6622},
  archivePrefix = {arXiv},
  eprint    = {1412.6622},
  timestamp = {Wed, 07 Jun 2017 14:40:25 +0200},
  biburl    = {http://dblp.org/rec/bib/journals/corr/HofferA14},
  bibsource = {dblp computer science bibliography, http://dblp.org}
}

@inproceedings{hadsell2006dimensionality,
	title={Dimensionality reduction by learning an invariant mapping},
	author={Hadsell, Raia and Chopra, Sumit and LeCun, Yann},
	booktitle={Computer vision and pattern recognition, 2006 IEEE computer society conference on},
	volume={2},
	pages={1735--1742},
	year={2006},
	organization={IEEE}
}

@inproceedings{sohn2016improved,
	title={Improved deep metric learning with multi-class n-pair loss objective},
	author={Sohn, Kihyuk},
	booktitle={Advances in Neural Information Processing Systems},
	pages={1857--1865},
	year={2016}
}